@thesis{thesis:Hof20,
  Author = {Clemens Hofstadler},
  Title = {Certifying operator identities and ideal membership of noncommutative polynomials},
  School = {Johannes Kepler University Linz},
  Year = {2020},
  Month = {3},
  Language = {English}
}

@Book{book:ideals-varieties-algorithms,
  Author = {Cox, David A. and Little, John and O'Shea, Donal},
  Title = {Ideals, varieties, and algorithms. {An} introduction to computational algebraic geometry and commutative algebra},
  Edition = {4th revised ed.},
  FSeries = {Undergraduate Texts in Mathematics},
  Series = {Undergraduate Texts Math.},
  ISSN = {0172-6056},
  ISBN = {978-3-319-16720-6; 978-3-319-37427-7; 978-3-319-16721-3},
  Year = {2015},
  Publisher = {Cham: Springer},
  Language = {English},
  DOI = {10.1007/978-3-319-16721-3},
  Keywords = {13-02,14-02,13P10,14Qxx,13F20},
  zbMATH = {6423120},
  Zbl = {1335.13001},
  url = {https://epub.jku.at/obvulihs/download/pdf/5013051}
}

@misc{web:cp-algo:Zfunc,
  Shorthand = {CPAlgoZfunc},
  Title = {Z-function and its calculation},
  url = {https://cp-algorithms.com/string/z-function.html},
  Publisher = {cp-algorithms},
  Language = {English}
}

@manual{lib:flint,
  Shorthand = {FLINT},
  Author = {The {FLINT} team},
  title = {{FLINT}: {F}ast {L}ibrary for {N}umber {T}heory},
  Year = {2023},
  Note = {Version 3.0.0},
  url = {https://flintlib.org}
}

@Manual{lib:gmp,
  Shorthand = {GMP},
  title = {{GNU MP}: {T}he {GNU} {M}ultiple {P}recision {A}rithmetic {L}ibrary},
  author = {Torbj√∂rn Granlund and {the GMP development team}},
  year = 2024,
  url = {http://gmplib.org/}
}
